% So sieht der Biblatex Eintag für eine Abschlussarbeit aus:
@thesis{ma-sebastian,
author = {Müller, Sebastian},
title = {Clear Sight in Cherenkov-Astronomy},
subtitle = {Investigations of Reflector Geometry and Mirror Alignment for the FACT-Telescope},
year = {2014},
type = {Masterarbeit},
school = {TU Dortmund}
}

% ein Lehrbuch:
@book{kuypers,
    author = {Kuypers, Friedhelm},
    title = {Klassische Mechanik},
    year = {2010},
    publisher = {Wiley-VCH},
    series = {9. Auflage}
}

@BOOK{handbook_adhesives,
  editor =       {Satas, D.},
  TITLE =        {Handbook of pressure sensitive adhesive technology},
  PUBLISHER =    {Van Nostrand Reinhold},
  YEAR =         {1989},
  address =      {New York},
  edition =      {2nd},
}


% Ein in einem Journal veröffentlichter Artikel (Paper):
@article{pdg,
      author         = "J. Bernabeu, E. Nardi, and D. Tomasini",
      title          = "{Review of Particle Physics (RPP)}",
      collaboration  = "Particle Data Group",
      journal        = "Phys.Rev.",
      volume         = "D86",
      pages          = "010001",
      doi            = "10.1103/PhysRevD.86.010001",
      year           = "2012",
      SLACcitation   = "%%CITATION = PHRVA,D86,010001;%%",
}
@article{higgs,
      author         = "ATLAS n stuff",
      title          = "{yay we found higgs}",
      collaboration  = "ATLAS and CMS",
      journal        = "arXiv:1207.7214",
      volume         = "D86",
      pages          = "010001",
      year           = "2012",
}
arXiv:1207.7214

@article{zprime,
      author         = "J. Bernabeu, E. Nardi, and D. Tomasini",
      title          = "{μ-e conversion in nuclei and Z′ physics}",
      journal        = "Nuclear Physics B",
      volume         = "B409",
      pages          = "69",
      year           = "1993",
}

@article{susy_gut1,
      author         = "S. Dimopoulos and H. Georgi",
      title          = "{μ-e conversion in nuclei and Z′ physics}",
      journal        = "Nuclear Physics B",
      volume         = "B193",
      pages          = "150",
      year           = "1981",
}

@article{susy_gut2,
      author         = "N. Sakai",
      title          = "{Naturalnes in supersymmetric GUTS}",
      journal        = "Zeitschrift für Physik C Particles and Fields",
      volume         = "11",
      pages          = "153",
      year           = "1981",
}


@ARTICLE{einstein,
  author = {Einstein, A.},
  title = {A Generalization of the relativistic theory of Gravitation},
  journal = {Annals of Mathematics},
  year = {1945},
  volume = {46},
  pages = {578-584},
  number = {4}
  }

% eine Internet Quelle
@MANUAL{lhc,
    title   = {LHC- Large Hadron Collider},
    url = {http://www.lhc-facts.ch/},
    date = {2016},
    author = {Europäische Organisation für Kernforschung}
}
% http://lhcb.web.cern.ch/lhcb/speakersbureau/html/bb_ProductionAngles.html
@online{rad_pic,
  author                   = {Europäische Organisation für Kernforschung},
  Url                      = {http://lhcb.web.cern.ch/lhcb/speakersbureau/html/bb_ProductionAngles/08_rad_acc_scheme_left.pdf},
  Urldate                  = {2016-06-11},
  Note                     = {Abbildung \ref{fig:lhcb_angle}}, %<== this should point to your table caption label
  year                     = {2014}, %this is necessary for the in-text citation to work
}
@online{rad,
  author                   = {Europäische Organisation für Kernforschung},
  Url                      = {http://lhcb.web.cern.ch/lhcb/speakersbureau/html/bb_ProductionAngles.html},
  Urldate                  = {2016-06-11},
  year                     = {2016}, %this is necessary for the in-text citation to work
}

@MANUAL{siunitx,
    title   = {siunitx - A comprehensive (SI) units package},
    url = {http://mirror.selfnet.de/tex-archive/macros/latex/contrib/siunitx/siunitx.pdf},
    date = {2013},
    author = {Wright, Joseph}
}
@MANUAL{koma,
    title   = {KOMA -Script},
    subtitle = {ein wandelbares LaTeX-Paket},
    url = {http://mirror.selfnet.de/tex-archive/macros/latex/contrib/koma-script/doc/scrguide.pdf},
    date = {2013},
    author = {Kohm, Markus and Morawski, Jens-Uwe}
}
@MANUAL{biblatex,
    title   = {The Biblatex Package},
    subtitle = {Programmable Bibliographies and Citations},
    url = {ftp://ftp.fu-berlin.de/tex/CTAN/macros/latex/contrib/biblatex/doc/biblatex.pdf},
    date = {2014},
    author = {Lehman, Philipp and others}
}
@ELECTRONIC{make,
    title   = {Gnu-Make Homepage},
    url = {http://www.gnu.org/software/make/},
    date = {2014},
}
@ELECTRONIC{toolbox,
    title   = {Pep et al.\ Toolbox -- \LaTeX-Folien},
    url = {http://toolbox.pep-dortmund.org/files/archive/2014/latex.pdf},
    date = {2014},
}
@ELECTRONIC{gitbash,
    title   = {Git Bash - Download},
    url = {http://msysgit.github.io/},
    date = {2014},
}
@ELECTRONIC{pleser,
    title   = {Modern Packages for LaTeX},
    url = {http://philippleser.de/physics/latex},
    date = {2014},
    author = {Leser, Philipp}
}
@MANUAL{l2tabu,
    title   = {Das LATEX2ε-Sündenregister},
    author = {Ensenbach, Marc and Trettin, Mark},
    url = {ftp://ftp.mpi-sb.mpg.de/pub/tex/mirror/ftp.dante.de/pub/tex/info/l2tabu/german/l2tabu.pdf},
    date = {2011},
}
@ELECTRONIC{texmaker,
    title   = {Texmaker},
    subtitle =  {The universal LaTeX editor, Downloads},
    url = {http://www.xm1math.net/texmaker/download.html},
    date = {2014},
}
